<?xml version="1.0" encoding="UTF-8"?>
<record xmlns="http://www.loc.gov/MARC21/slim">
   <leader>00915cam a22002175  4500</leader>
   <controlfield tag="001">2370966</controlfield>
   <controlfield tag="003">NjP</controlfield>
   <controlfield tag="005">20100816161842.0</controlfield>
   <controlfield tag="008">990327s1942    mr       bc   000 0 ara d</controlfield>
   <datafield tag="024" ind1="7" ind2=" ">
      <subfield code="a">princeton_aco004678</subfield>
      <subfield code="2">local</subfield>
   </datafield>
   <datafield ind1=" " ind2=" " tag="035">
      <subfield code="a">(OCoLC)ocm41048497</subfield>
   </datafield>
   <datafield ind1=" " ind2=" " tag="035">
      <subfield code="9">CLB4151TS</subfield>
   </datafield>
   <datafield ind1=" " ind2=" " tag="040">
      <subfield code="a">PUL</subfield>
      <subfield code="c">PUL</subfield>
   </datafield>
   <datafield ind1="1" ind2=" " tag="110">
      <subfield code="a">Tétouan (Morocco).</subfield>
      <subfield code="b">Maʻhad Mawlāya al-Ḥasan.</subfield>
      <subfield code="b">al-Maktabah.</subfield>
   </datafield>
   <datafield ind1="0" ind2="0" tag="245">
      <subfield code="a">Fihris al-Khizānah al-Khalīfīvah bi-Maʻhad Mawlāya al-Ḥasan;</subfield>
      <subfield code="b">muḥtawayāt Maktabat al-Maʻhad al-Khalīfī bi-cismay-hā al-ʻArabī wa-al-Ifranjī mundhu nashʾatihā ilā al-ān.</subfield>
   </datafield>
   <datafield ind1="0" ind2="4" tag="246">
      <subfield code="a">Catalogo de las obras en lenguas árabe y europeas e xistentes en la Biblioteca de este Institute</subfield>
   </datafield>
   <datafield ind1=" " ind2=" " tag="260">
      <subfield code="a">Tetuán,</subfield>
      <subfield code="c">1942.</subfield>
   </datafield>
   <datafield ind1=" " ind2=" " tag="300">
      <subfield code="a">316, 65 p.</subfield>
      <subfield code="c">23 cm.</subfield>
   </datafield>
   <datafield ind1=" " ind2=" " tag="500">
      <subfield code="a">In Arabic.</subfield>
   </datafield>
   <datafield ind1=" " ind2="0" tag="650">
      <subfield code="a">Arabic literature</subfield>
      <subfield code="v">Bibliography</subfield>
      <subfield code="v">Catalogs.</subfield>
   </datafield>
   <datafield ind1=" " ind2=" " tag="945">
      <subfield code="a">F</subfield>
      <subfield code="b">1</subfield>
      <subfield code="c">0457.897</subfield>
   </datafield>
   <datafield ind1=" " ind2=" " tag="911">
      <subfield code="a">19990626</subfield>
   </datafield>
   <datafield ind1="0" ind2="0" tag="852">
      <subfield code="0">2664894</subfield>
      <subfield code="b">rcppa</subfield>
      <subfield code="t">1</subfield>
      <subfield code="h">Z3014.L56</subfield>
      <subfield code="i">T463 1942</subfield>
      <subfield code="x">tr fr f</subfield>
   </datafield>
   <datafield ind1=" " ind2=" " tag="959">
      <subfield code="a">2009-10-12 14:43:30 -0500</subfield>
   </datafield>
</record>
